5068 4068
526 222 2281 361 2o Arbetskarlen Anders Andersson Tvet
542 331 2297 407 boende i huset No 32 i Stadens 11 Rote och
535 384 2260 487 Hemmansegaren August Svensson
543 468 2143 573 från Roxtorp i Kareby sn lika med
533 555 832 623 Alm;
540 561 2274 707 3o Mureriarbetaren Johan Ljungberg
528 668 2323 780 boende i huset No 72 i Mjs 6te Rote, att
536 732 2302 879 att Lindmark den 17 ds på afton kommit
544 813 2284 928 hem till honom och omtalat att han
571 919 1051 1017 fått låna
1360 869 2294 1008 penningar af Hand¬
535 954 2297 1077 landen Abraham Andersson; samt att
516 1027 2293 1182 derpåföljde Söndag Lindmark bjudit
521 1128 2313 1273 honom och några fruntimmer på punsch
530 1213 977 1332 och kaffe.
542 1245 2306 1392 4o Pantlånaren E. Olsson i huset No 14
543 1324 2286 1470 vid Husargatan, att Lindmark den
529 1420 2297 1530 16 ds varit alldeles utan penningar,
532 1488 2273 1592 så att han velat pantsätta en hals¬
534 1562 1191 1671 duk för 50 öre.
676 1590 2307 1749 På grund af hvad sålunda förekom¬
532 1661 2282 1811 mit, kommer Johan Alfred Lindmark,
519 1734 2281 1885 hvilken är i saknad af bostad, att den¬
515 1798 2243 1971 na dag inför Pkn inställas. Gtbg
533 1894 1274 2033 d. 20 Jan. 1874.
171 2025 424 2160 No 17
71 2138 508 2235 Janne Johans¬
73 2223 239 2287 son.
561 1979 2318 2140 Sedan Sockerbruksdrängen Samuel
531 2093 2301 2238 Larsson, boende i Carnegiska sockerbru¬
512 2172 2254 2336 ket i Mjs 1sta Rote, anmält att Fre¬
534 2245 2281 2400 dagen den 16 ds i drängkammaren
519 2332 2284 2456 derstädes från honom tillgripits ett
517 2443 2265 2533 ett förgyldt silfver cylinderur, som
526 2487 2206 2642 förvarats i en olåst kista, så har
525 2586 2287 2725 detektivkonstapeln C. G. Andrén den
513 2677 2202 2821 21 ds för detta tillgrepp anhållit
509 2748 2318 2903 sockerbruksdrängen Janne Johansson
517 2831 2222 3006 från Olsnäs i Stenkyrka sn på
523 2916 2251 3073 Tjörn, hvilken vid det med honom
531 2997 2238 3133 anstälde förhör, vidgått, att han
525 3080 2263 3225 som varit anstäld å Sockerbruket
522 3179 2245 3307 sedan den 5 sistl. Mars och bott i ett
515 3232 2239 3383 rum invid det af Larsson bebodda,
519 3334 2248 3488 ifrågakomne dag tagit den till
520 3408 2246 3537 Larssons rum hörande nyckel,
514 3515 2302 3623 som legat på ett skåp i förstugan
524 3569 2329 3731 och ingått i rummet, hvarest han
2782 210 4541 366 tillgripit uret, som han samma dag
2795 273 4517 451 pantsatt å Majornas Pantlånein¬
2784 362 4488 545 rättnings kontor i huset No 39 vid
2784 474 3718 615 Breda vägen för 5 rdr.
2930 524 4534 717 På grund af hvad sålunda förekom¬
2768 639 4280 799 mit, kommer Janne Johansson
3387 683 4501 842 att denna dag inför
2780 752 4481 948 Pkn inställas. Gtbg d. 22 Jan. 1874
4582 851 4799 947 No 18
4540 964 4957 1053 Alexander
4554 1026 4952 1126 Samuelsson
4566 1090 4809 1198 Skjöld.
2789 910 3077 998 Sedan
2946 835 4532 1057 Disciplinsoldaten Carl Bengtsson, bo¬
2793 952 4539 1124 ende i huset No 29 vid Landalabergen,
2886 1081 3245 1150 den 19 ds
2965 1052 4526 1176 anmält att han samma dag vid
2790 1122 4536 1261 middagstiden å s. k. Franska Tomten
2779 1188 4557 1345 kommit i handgemäng med disciplin¬
2769 1264 4475 1407 soldaten Alexander Samuelsson
2782 1344 4523 1501 Sköld, hvarvid Bengtssons portmon¬
2767 1412 4558 1569 nai fallit ur hans rockficka; samt
2768 1509 4525 1661 att Sköld då upptagit portmonnain,
2772 1630 3381 1740 hvarur han
4229 1556 4509 1677 tagit
2782 1656 4494 1792 deri förvarade 4 rdr 50 öre, hvarefter
2788 1741 4542 1895 han kastat portmonnain på marken
2775 1810 4517 1979 och skyndat bort, så har Poliskonsta¬
2774 1871 4515 2043 peln No 6 Björkman anhållit be¬
2783 1973 4546 2117 mälde Sköld, hvilken vid anhållan¬
2775 2035 4389 2193 det befanns innehafva 8 rdr 36 öre.
2858 2099 4551 2275 Vid det med Sköld i anledning här¬
2792 2199 4533 2398 af anstälde förhör har han uppgifvit
2792 2279 4517 2434 att han vid ifrågakomne tillfälle blif¬
2774 2336 4495 2511 vit öfverfallen af Bengtsson, men
2782 2453 4530 2606 att han icke sett denne tappa sin port¬
2786 2531 4497 2699 monnai eller ur densamma till¬
2787 2639 4162 2787 gripit några penningar.
2918 2699 4523 2873 Följande personer hafva upplyst
2797 2794 4523 2938 1o Måleriarbetarne Anders Eriksson
2790 2870 4559 3024 och J. F. Sahlquist, båda boende i huset
2775 2936 4551 3102 No 4 vid Nygatan i Haga, att de åsett
2767 3012 4559 3195 då Bengtsson och Sköld varit i hand¬
2778 3144 3543 3283 gemäng; samt
3478 3116 3586 3166 att
3577 3084 4558 3239 Sköld derunder från
2779 3165 4576 3356 marken upptagit Bengtssons port¬
2765 3245 4564 3427 monnai och efter en stund återlem¬
2761 3344 4516 3497 nat den till Bengtsson, hvarvid i
2747 3383 4582 3597 portmonnaien icke funnits annat
